<collection xmlns="http://www.loc.gov/MARC21/slim">
<record>
  <leader>01290nam0a2200241 i 450 </leader>
  <controlfield tag="001">IT\ICCU\CNCE\011122</controlfield>
  <controlfield tag="005">20070517000000.0</controlfield>
  <datafield tag="012" ind1=" " ind2=" ">
    <subfield code="a">++++ o&amp;a: o-i- bisy (3) 1550 (A)</subfield>
    <subfield code="2">fei</subfield>
  </datafield>
  <datafield tag="100" ind1=" " ind2=" ">
    <subfield code="a">19970101d1550        0itac0103    ba</subfield>
  </datafield>
  <datafield tag="101" ind1=" " ind2=" ">
    <subfield code="a">LAT</subfield>
  </datafield>
  <datafield tag="102" ind1=" " ind2=" ">
    <subfield code="a">IT</subfield>
  </datafield>
  <datafield tag="200" ind1="1" ind2=" ">
    <subfield code="a">Antiphonarium Romanum integrum et completum, continens omnia que communiter cantantur in Ecclesia</subfield>
  </datafield>
  <datafield tag="210" ind1=" " ind2=" ">
    <subfield code="e">Venetijs</subfield>
    <subfield code="g">imprimebat Petrus Liechtenstein Coloniensis Germanus</subfield>
    <subfield code="h">1550</subfield>
  </datafield>
  <datafield tag="215" ind1=" " ind2=" ">
    <subfield code="a">217, \1! c.</subfield>
    <subfield code="c">ill.</subfield>
    <subfield code="d">fol</subfield>
  </datafield>
  <datafield tag="300" ind1=" " ind2=" ">
    <subfield code="a">Il titolo si ricava dall&apos;explicit. Altro coloph. a c. 217 v: Venetijs, in edibus Petri Liechtenstein, in officina ad signum Agnus Dei, 1550</subfield>
  </datafield>
  <datafield tag="500" ind1="1" ind2="0">
    <subfield code="3">IT\ICCU\CNCE\027347</subfield>
    <subfield code="a">Antiphonale officii</subfield>
  </datafield>
  <datafield tag="620" ind1=" " ind2=" ">
    <subfield code="a">IT</subfield>
    <subfield code="d">Venezia</subfield>
  </datafield>
  <datafield tag="710" ind1="0" ind2="2">
    <subfield code="a">Chiesa cattolica</subfield>
    <subfield code="3">6731</subfield>
  </datafield>
  <datafield tag="712" ind1="0" ind2="0">
    <subfield code="a">Liechtenstein, Peter</subfield>
    <subfield code="3">IT\ICCU\CNCT\000403</subfield>
    <subfield code="4">650</subfield>
  </datafield>
  <datafield tag="791" ind1="0" ind2="0">
    <subfield code="a">Lucidus Lapis, Petrus</subfield>
    <subfield code="3">IT\ICCU\CNCT\004962</subfield>
    <subfield code="z">Liechtenstein, Peter</subfield>
  </datafield>
  <datafield tag="801" ind1=" " ind2="3">
    <subfield code="a">IT</subfield>
    <subfield code="b">ICCU</subfield>
    <subfield code="c">20201113</subfield>
  </datafield>
  <datafield tag="899" ind1=" " ind2=" ">
    <subfield code="a">Biblioteca del Convento di S. Giuliano. L&apos;Aquila</subfield>
    <subfield code="z">MUTILO</subfield>
    <subfield code="1">AQ0044</subfield>
    <subfield code="2">ZAQ 02</subfield>
  </datafield>
  <datafield tag="921" ind1=" " ind2=" ">
    <subfield code="a">IT\ICCU\CNCM\000117</subfield>
    <subfield code="b">Due sfere armillari in scudo sovrastato da elmo che ha per cimiero un&apos;altra sfera armillare. In alto: Petrus Liechtenstein</subfield>
    <subfield code="c">K242</subfield>
    <subfield code="c">V386</subfield>
    <subfield code="c">Z1064</subfield>
    <subfield code="d">Dimensioni: 11,2 x 15. Con o senza la scritta in alto</subfield>
    <subfield code="f">LIECHTENST</subfield>
    <subfield code="f">SCUDO</subfield>
    <subfield code="f">SFERE</subfield>
    <subfield code="g">1503-1568</subfield>
  </datafield>
</record>
</collection>
